@article{GwiazdzinskiUnknownTitle2014,
    doi = {10.3917/espri.1412.0046},
    url = {https://dx.doi.org/10.3917/espri.1412.0046},
    issn = {0014-0759},
    year = {2014},
    month = {NOV},
    pages = {46--54},
    title = {Habiter la nuit urbaine},
    volume = {Décembre},
    journal = {Esprit},
    publisher = {CAIRN},
    author = {Luc Gwiazdzinski}
}

@article{GwiazdzinskiUnknownTitle2018,
    doi = {10.3917/lobs.053.0011},
    url = {https://dx.doi.org/10.3917/lobs.053.0011},
    issn = {1165-2675},
    year = {2018},
    month = {DEC},
    pages = {11--15},
    title = {La nuit, nouveau territoire des politiques publiques},
    volume = {N° 53},
    journal = {L'Observatoire},
    publisher = {CAIRN},
    author = {Luc Gwiazdzinski}
}

@article{CloutUnknownTitle2006,
    doi = {10.3917/ag.649.0325a},
    url = {https://dx.doi.org/10.3917/ag.649.0325a},
    issn = {0003-4010},
    year = {2006},
    month = {JUN},
    pages = {325a-326},
    title = {Gwiarzdzinski l. La nuit, dernière frontière de la ville La Tour d’Aigues, Éditions de l’Aube, 2005, 252 p.},
    volume = {n° 649},
    journal = {Annales de géographie},
    publisher = {CAIRN},
    author = {Hugh Clout}
}

@article{MisekUnknownTitle2010,
    doi = {10.1002/9781444320077},
    url = {https://dx.doi.org/10.1002/9781444320077},
    issn = {Not available},
    year = {2010},
    month = {FEB},
    pages = {Not available},
    title = {Chromatic Cinema},
    volume = {Not available},
    journal = {Not available},
    publisher = {Wiley},
    author = {Richard Misek}
}

